@article{PRITCHARD1994118,
title = "EEG-based, neural-net predictive classification of Alzheimer's disease versus control subjects is augmented by non-linear EEG measures",
journal = "Electroencephalography and Clinical Neurophysiology",
volume = "91",
number = "2",
pages = "118 - 130",
year = "1994",
issn = "0013-4694",
doi = "https://doi.org/10.1016/0013-4694(94)90033-7",
url = "http://www.sciencedirect.com/science/article/pii/0013469494900337",
author = "Walter S. Pritchard and Dennis W. Duke and Kerry L. Coburn and Norman C. Moore and Karen A. Tucker and Michael W. Jann and Russell M. Hostetler",
keywords = "Alzheimer disease, Non-linear EEG measures, Classification of Alzheimer patients, Spectral-band EEG change, Neural-net modeling"
}