@article {JMRI:JMRI21049,
author = {Jack, Clifford R. and Bernstein, Matt A. and Fox, Nick C. and Thompson, Paul and Alexander, Gene and Harvey, Danielle and Borowski, Bret and Britson, Paula J. and L. Whitwell, Jennifer and Ward, Chadwick and Dale, Anders M. and Felmlee, Joel P. and Gunter, Jeffrey L. and Hill, Derek L.G. and Killiany, Ron and Schuff, Norbert and Fox-Bosetti, Sabrina and Lin, Chen and Studholme, Colin and DeCarli, Charles S. and Gunnar Krueger and Ward, Heidi A. and Metzger, Gregory J. and Scott, Katherine T. and Mallozzi, Richard and Blezek, Daniel and Levy, Joshua and Debbins, Josef P. and Fleisher, Adam S. and Albert, Marilyn and Green, Robert and Bartzokis, George and Glover, Gary and Mugler, John and Weiner, Michael W.},
title = {The Alzheimer's disease neuroimaging initiative (ADNI): MRI methods},
journal = {Journal of Magnetic Resonance Imaging},
volume = {27},
number = {4},
publisher = {Wiley Subscription Services, Inc., A Wiley Company},
issn = {1522-2586},
url = {http://dx.doi.org/10.1002/jmri.21049},
doi = {10.1002/jmri.21049},
pages = {685--691},
keywords = {MRI, Alzheimer's disease, clinical trials, imaging methods, imaging standardization},
year = {2008},
}
