@article {Nuwer277,
	author = {Nuwer, Marc},
	title = {Assessment of digital EEG, quantitative EEG, and EEG brain mapping: Report of the American Academy of Neurology and the American Clinical Neurophysiology Society*},
	volume = {49},
	number = {1},
	pages = {277--292},
	year = {1997},
	doi = {10.1212/WNL.49.1.277},
	publisher = {American Academy of Neurology},
	issn = {0028-3878},
	URL = {http://n.neurology.org/content/49/1/277},
	eprint = {http://n.neurology.org/content/49/1/277.full.pdf},
	journal = {Neurology}
}
