@article {JMRI:JMRI21049,
author = {Jack, Clifford R. and Bernstein, Matt A. and Fox, Nick C. and Thompson, Paul and Alexander, Gene and Harvey, Danielle and Borowski, Bret and Britson, Paula J. and L. Whitwell, Jennifer and Ward, Chadwick and Dale, Anders M. and Felmlee, Joel P. and Gunter, Jeffrey L. and Hill, Derek L.G. and Killiany, Ron and Schuff, Norbert and Fox-Bosetti, Sabrina and Lin, Chen and Studholme, Colin and DeCarli, Charles S. and Gunnar Krueger and Ward, Heidi A. and Metzger, Gregory J. and Scott, Katherine T. and Mallozzi, Richard and Blezek, Daniel and Levy, Joshua and Debbins, Josef P. and Fleisher, Adam S. and Albert, Marilyn and Green, Robert and Bartzokis, George and Glover, Gary and Mugler, John and Weiner, Michael W.},
title = {The Alzheimer's disease neuroimaging initiative (ADNI): MRI methods},
publisher = {Wiley Subscription Services, Inc., A Wiley Company},
url = {http://dx.doi.org/10.1002/jmri.21049},
doi = {10.1002/jmri.21049},
pages = {685--691},
year = {2008}
}

@article {Debener11730:1,
author = {Debener, Stefan and Ullsperger, Markus and Siegel, Markus and Fiehler, Katja and von Cramon, D. Yves and Engel, Andreas K.},
title = {Trial-by-Trial Coupling of Concurrent Electroencephalogram and Functional Magnetic Resonance Imaging Identifies the Dynamics of Performance Monitoring},
pages = {11730--11737},
year = {2005},
publisher = {Society for Neuroscience},
URL = {http://www.jneurosci.org/content/25/50/11730},
eprint = {http://www.jneurosci.org/content/25/50/11730.full.pdf},
journal = {Journal of Neuroscience}
}

@article{ROSSINI20081534:1,
title = {Is it possible to automatically distinguish resting EEG data of normal elderly vs. mild cognitive impairment subjects with high degree of accuracy?},
journal = {Clinical Neurophysiology},
pages = {1534 - 1545},
year = {2008},
issn = {1388-2457},
url = {http://www.sciencedirect.com/science/article/pii/S1388245708001971},
author = {Paolo M. Rossini and Massimo Buscema and Massimiliano Capriotti and Enzo Grossi and Guido Rodriguez and Claudio Del Percio and Claudio Babiloni}
}

@article {Nuwer277:1,
	author = {Nuwer, Marc},
	title = {Assessment of digital EEG, quantitative EEG, and EEG brain mapping: Report of the American Academy of Neurology and the American Clinical Neurophysiology Society*},
	volume = {49},
	number = {1},
	pages = {277--292},
	year = {1997},
	doi = {10.1212/WNL.49.1.277},
	publisher = {American Academy of Neurology},
	issn = {0028-3878},
	URL = {http://n.neurology.org/content/49/1/277},
	eprint = {http://n.neurology.org/content/49/1/277.full.pdf},
	journal = {Neurology}
}

@article{PRITCHARD1994118:1,
title = "EEG-based, neural-net predictive classification of Alzheimer's disease versus control subjects is augmented by non-linear EEG measures",
journal = "Electroencephalography and Clinical Neurophysiology",
volume = "91",
number = "2",
pages = "118 - 130",
year = "1994",
issn = "0013-4694",
doi = "https://doi.org/10.1016/0013-4694(94)90033-7",
url = "http://www.sciencedirect.com/science/article/pii/0013469494900337",
author = "Walter S. Pritchard and Dennis W. Duke and Kerry L. Coburn and Norman C. Moore and Karen A. Tucker and Michael W. Jann and Russell M. Hostetler",
keywords = "Alzheimer disease, Non-linear EEG measures, Classification of Alzheimer patients, Spectral-band EEG change, Neural-net modeling"
}

@article{doi:10.1080/1071576031000083161,
author = {Mark A. Yorek},
title = {The Role of Oxidative Stress in Diabetic Vascular and Neural Disease},
journal = {Free Radical Research},
volume = {37},
number = {5},
pages = {471-480},
year  = {2003},
publisher = {Taylor Francis},
doi = {10.1080/1071576031000083161},
URL = {https://doi.org/10.1080/1071576031000083161},
eprint = {https://doi.org/10.1080/1071576031000083161}
}

@article {Derdeyn251:1,
author = {Derdeyn, C.P. and Grubb, R.L. and Powers, W.J.},
title = {Cerebral hemodynamic impairment},
volume = {53},
number = {2},
pages = {251--251},
year = {1999},
publisher = {American Academy of Neurology}
}
