@article{ROSSINI20081534,
title = "Is it possible to automatically distinguish resting EEG data of normal elderly vs. mild cognitive impairment subjects with high degree of accuracy?",
journal = "Clinical Neurophysiology",
volume = "119",
number = "7",
pages = "1534 - 1545",
year = "2008",
issn = "1388-2457",
doi = "https://doi.org/10.1016/j.clinph.2008.03.026",
url = "http://www.sciencedirect.com/science/article/pii/S1388245708001971",
author = "Paolo M. Rossini and Massimo Buscema and Massimiliano Capriotti and Enzo Grossi and Guido Rodriguez and Claudio Del Percio and Claudio Babiloni",
keywords = "Mild cognitive impairment (MCI), Alzheimerâ€™s disease (AD), Electroencephalography (EEG), Artificial neural networks (ANNs)"
}