






@article{doi:10.1080/1071576031000083161,
author = {Mark A. Yorek},
title = {The Role of Oxidative Stress in Diabetic Vascular and Neural Disease},
journal = {Free Radical Research},
volume = {37},
number = {5},
pages = {471-480},
year  = {2003},
publisher = {Taylor & Francis},
doi = {10.1080/1071576031000083161},

URL = { 
        https://doi.org/10.1080/1071576031000083161
    
},
eprint = { 
        https://doi.org/10.1080/1071576031000083161
    
}

}


