

@inproceedings{LangeY17,
  author    = {Julien Lange and
               Nobuko Yoshida},
  title     = {On the Undecidability of Asynchronous Session Subtyping},
  booktitle = {Foundations of Software Science and Computation Structures - 20th
               International Conference, {FOSSACS} 2017, Held as Part of the European
               Joint Conferences on Theory and Practice of Software, {ETAPS} 2017,
               Uppsala, Sweden, April 22-29, 2017, Proceedings},
  pages     = {441--457},
  year      = {2017},
  crossref  = {DBLP:conf/fossacs/2017},
  url       = {https://doi.org/10.1007/978-3-662-54458-7_26},
  doi       = {10.1007/978-3-662-54458-7_26},
  timestamp = {Sat, 16 Sep 2017 12:09:21 +0200},
  biburl    = {http://dblp.org/rec/bib/conf/fossacs/LangeY17},
  bibsource = {dblp computer science bibliography, http://dblp.org}
}
@proceedings{DBLP:conf/fossacs/2017,
  editor    = {Javier Esparza and
               Andrzej S. Murawski},
  title     = {Foundations of Software Science and Computation Structures - 20th
               International Conference, {FOSSACS} 2017, Held as Part of the European
               Joint Conferences on Theory and Practice of Software, {ETAPS} 2017,
               Uppsala, Sweden, April 22-29, 2017, Proceedings},
  series    = {Lecture Notes in Computer Science},
  volume    = {10203},
  year      = {2017},
  url       = {https://doi.org/10.1007/978-3-662-54458-7},
  doi       = {10.1007/978-3-662-54458-7},
  isbn      = {978-3-662-54457-0},
  timestamp = {Tue, 23 May 2017 01:08:04 +0200},
  biburl    = {http://dblp.org/rec/bib/conf/fossacs/2017},
  bibsource = {dblp computer science bibliography, http://dblp.org}
}


@inproceedings{LangeNTY17,
  author    = {Julien Lange and
               Nicholas Ng and
               Bernardo Toninho and
               Nobuko Yoshida},
  title     = {Fencing off go: liveness and safety for channel-based programming},
  booktitle = {Proceedings of the 44th {ACM} {SIGPLAN} Symposium on Principles of
               Programming Languages, {POPL} 2017, Paris, France, January 18-20,
               2017},
  pages     = {748--761},
  year      = {2017},
  crossref  = {DBLP:conf/popl/2017},
  url       = {http://dl.acm.org/citation.cfm?id=3009847},
  timestamp = {Wed, 28 Dec 2016 13:22:29 +0100},
  biburl    = {http://dblp.org/rec/bib/conf/popl/LangeNTY17},
  bibsource = {dblp computer science bibliography, http://dblp.org}
}
@proceedings{DBLP:conf/popl/2017,
  editor    = {Giuseppe Castagna and
               Andrew D. Gordon},
  title     = {Proceedings of the 44th {ACM} {SIGPLAN} Symposium on Principles of
               Programming Languages, {POPL} 2017, Paris, France, January 18-20,
               2017},
  publisher = {{ACM}},
  year      = {2017},
  url       = {http://doi.acm.org/10.1145/3009837},
  doi       = {10.1145/3009837},
  isbn      = {978-1-4503-4660-3},
  timestamp = {Wed, 28 Dec 2016 13:17:00 +0100},
  biburl    = {http://dblp.org/rec/bib/conf/popl/2017},
  bibsource = {dblp computer science bibliography, http://dblp.org}
}